@ARTICLE{PE,
    author = {Yoshihiko Futamura},
    title = {Partial Evaluation of Computation Process - An Approach to a Compiler-Compiler},
    journal = {Systems, Computers, Controls},
    year = {1999},
    volume = {2},
    pages = {45--50}
}

@ARTICLE{Turchin86theconcept,
    author = {Valentin F. Turchin},
    title = {The Concept of a Supercompiler},
    journal = {ACM Transactions on Programming Languages and Systems},
    year = {1986},
    volume = {8},
    pages = {292--325}
}

@inproceedings{DosReis:2010:GCE:1774088.1774537,
 author = {Dos Reis, Gabriel and Stroustrup, Bjarne},
 title = {General Constant Expressions for System Programming Languages},
 booktitle = {Proceedings of the 2010 ACM Symposium on Applied Computing},
 series = {SAC '10},
 year = {2010},
 pages = {2131--2136}
} 

@ONLINE{D_CTFE,
  author = {Walter Bright},
  title = {Compile Time Function Execution {(CTFE)}},
  note = {http://dlang.org/function.html\#interpretation}
}

@inproceedings{DBLP:conf/dagstuhl/Taha03,
  author    = {Walid Taha},
  title     = {A Gentle Introduction to Multi-stage Programming},
  booktitle = {Domain-Specific Program Generation},
  year      = {2003},
  pages     = {30-50}
}

@inproceedings{DBLP:conf/gpce/CalcagnoTHL03,
  author    = {Cristiano Calcagno and
               Walid Taha and
               Liwen Huang and
               Xavier Leroy},
  title     = {Implementing Multi-stage Languages Using ASTs, Gensym, and
               Reflection},
  booktitle = {GPCE},
  year      = {2003},
  pages     = {57-76}
}

@article{Bolingbroke:2010:SE:2088456.1863540,
 author = {Bolingbroke, Maximilian and Peyton Jones, Simon},
 title = {Supercompilation by Evaluation},
 journal = {SIGPLAN Not.},
 issue_date = {November 2010},
 volume = {45},
 number = {11},
 month = sep,
 year = {2010}
} 

@MISC{Sorensen94towardsunifying,
    author = {Morten Heine Sørensen and Robert Glück and Neil D. Jones},
    title = {Towards Unifying Partial Evaluation, Deforestation, Supercompilation, and GPC},
    year = {1994}
}
